<?xml version="1.0" encoding="UTF-8"?><collection xmlns="http://www.loc.gov/MARC21/slim"><record><leader>00616nam--2200193-i-4500</leader><controlfield tag="001">000047225</controlfield><controlfield tag="002">20161230</controlfield><controlfield tag="005">20161230201046</controlfield><controlfield tag="008">060222s1000------------r-----000-0-ger-d</controlfield><datafield ind1=" " ind2=" " tag="040"><subfield code="a">IFIN-HH</subfield></datafield><datafield ind1=" " ind2=" " tag="041"><subfield code="a">ger</subfield></datafield><datafield ind1=" " ind2=" " tag="080"><subfield code="a">539.16.08</subfield></datafield><datafield ind1="1" ind2=" " tag="100"><subfield code="a">Weiss, C.F</subfield></datafield><datafield ind1="1" ind2="0" tag="245"><subfield code="a">Radioaktive standaardpraparate. eigenschaften herstellung und aktivitatsbestimmung. 3-te unveranderte auflage</subfield><subfield code="c">C.f. weiss</subfield></datafield><datafield ind1=" " ind2=" " tag="260"><subfield code="a">Berlin</subfield><subfield code="b">Veb Deutscher Verlag Der Wissenschaften</subfield><subfield code="c">1958</subfield></datafield><datafield ind1=" " ind2=" " tag="300"><subfield code="a">232P</subfield></datafield><datafield ind1=" " ind2=" " tag="490"><subfield code="a">Monographien Der Experimentallen Und Theoretischen Physik</subfield></datafield><datafield ind1=" " ind2=" " tag="852"><subfield code="a">4906</subfield><subfield code="c">539.16</subfield></datafield><datafield ind1=" " ind2=" " tag="CAT"><subfield code="a">Sys</subfield><subfield code="c">20120514</subfield><subfield code="h">133441</subfield></datafield></record></collection>